@mastersthesis{dylan,
	author = {Dylan McCormick},
	title = {Applying the Polyhedral Model to Tile Loops in {Devito}},
	school = {Imperial College of Science, Technology and Medicine},
	year = {2017},
}

@article{devito,
	author    = {Navjot Kukreja and
	Mathias Louboutin and
	Felippe Vieira and
	Fabio Luporini and
	Michael Lange and
	Gerard Gorman},
	title     = {Devito: automated fast finite difference computation},
	journal   = {CoRR},
	volume    = {abs/1608.08658},
	year      = {2016},
	url       = {http://arxiv.org/abs/1608.08658},
	archivePrefix = {arXiv},
	eprint    = {1608.08658},
	timestamp = {Wed, 07 Jun 2017 14:42:35 +0200},
	biburl    = {http://dblp.org/rec/bib/journals/corr/KukrejaLVLLG16},
	bibsource = {dblp computer science bibliography, http://dblp.org}
}

@inproceedings{pluto,
	author = {Bondhugula, Uday and Hartono, Albert and Ramanujam, J. and Sadayappan, P.},
	title = {A Practical Automatic Polyhedral Parallelizer and Locality Optimizer},
	booktitle = {Proceedings of the 29th ACM SIGPLAN Conference on Programming Language Design and Implementation},
	series = {PLDI '08},
	year = {2008},
	isbn = {978-1-59593-860-2},
	location = {Tucson, AZ, USA},
	pages = {101--113},
	numpages = {13},
	url = {http://doi.acm.org/10.1145/1375581.1375595},
	doi = {10.1145/1375581.1375595},
	acmid = {1375595},
	publisher = {ACM},
	address = {New York, NY, USA},
	keywords = {affine transformations, automatic parallelization, locality optimization, loop transformations, polyhedral model, tiling},
}

@article{boulet98,
	doi = {10.1016/s0167-8191(98)00020-9},
	url = {https://doi.org/10.1016/s0167-8191(98)00020-9},
	year  = {1998},
	month = {may},
	publisher = {Elsevier {BV}},
	volume = {24},
	number = {3-4},
	pages = {421--444},
	author = {Pierre Boulet and Alain Darte and Georges-Andr{\'{e}} Silber and Fr{\'{e}}d{\'{e}}ric Vivien},
	title = {Loop parallelization algorithms: From parallelism extraction to code generation},
	journal = {Parallel Computing}
}

@inproceedings{lam91,
	doi = {10.1145/106972.106981},
	url = {https://doi.org/10.1145/106972.106981},
	year  = {1991},
	publisher = {{ACM} Press},
	author = {Monica D. Lam and Edward E. Rothberg and Michael E. Wolf},
	title = {The cache performance and optimizations of blocked algorithms},
	booktitle = {Proceedings of the fourth international conference on Architectural support for programming languages and operating systems  - {ASPLOS}-{IV}}
}

@article{fabio-memory,
	doi = {10.1145/3054944},
	url = {https://doi.org/10.1145/3054944},
	year  = {2017},
	month = {mar},
	publisher = {Association for Computing Machinery ({ACM})},
	volume = {44},
	number = {1},
	pages = {1--26},
	author = {Fabio Luporini and David A. Ham and Paul H. J. Kelly},
	title = {An Algorithm for the Optimization of Finite Element Integration Loops},
	journal = {{ACM} Transactions on Mathematical Software}
}

@article{olgaard10,
	doi = {10.1145/1644001.1644009},
	url = {https://doi.org/10.1145/1644001.1644009},
	year  = {2010},
	month = {jan},
	publisher = {Association for Computing Machinery ({ACM})},
	volume = {37},
	number = {1},
	pages = {1--23},
	author = {Kristian B. {\O}lgaard and Garth N. Wells},
	title = {Optimizations for quadrature representations of finite element tensors through automated code generation},
	journal = {{ACM} Transactions on Mathematical Software}
}
